@inproceedings{uno2003lcm,
  title={LCM: An Efficient Algorithm for Enumerating Frequent Closed Item Sets.},
  author={Uno, Takeaki and Asai, Tatsuya and Uchida, Yuzo and Arimura, Hiroki},
  booktitle={FIMI},
  volume={90},
  year={2003}
}